@inproceedings{lazebnik2006beyond,
  title={Beyond bags of features: Spatial pyramid matching for recognizing natural scene categories},
  author={Lazebnik, Svetlana and Schmid, Cordelia and Ponce, Jean},
  booktitle={2006 IEEE Computer Society Conference on Computer Vision and Pattern Recognition (CVPR'06)},
  volume={2},
  pages={2169--2178},
  year={2006},
  organization={IEEE}
}
@article{dietterich1994solving,
  title={Solving multiclass learning problems via error-correcting output codes},
  author={Dietterich, Thomas G and Bakiri, Ghulum},
  journal={Journal of artificial intelligence research},
  volume={2},
  pages={263--286},
  year={1994}
}
@article{james1998error,
  title={The error coding method and PICTs},
  author={James, Gareth and Hastie, Trevor},
  journal={Journal of Computational and Graphical Statistics},
  volume={7},
  number={3},
  pages={377--387},
  year={1998},
  publisher={Taylor \& Francis}
}

